@inproceedings{viet-ffbp,
language = {English},
copyright = {Compilation and indexing terms, Copyright 2011 Elsevier Inc.},
copyright = {Compendex},
title = {Fast factorized backprojection algorithm for UWB SAR image reconstruction},
journal = {International Geoscience and Remote Sensing Symposium (IGARSS)},
author = {Vu, Viet T. and Sjogren, Thomas K. and Pettersson, Mats I.},
year = {2011},
pages = {4237 - 4240},
address = {Vancouver, BC, Canada},
URL = {http://dx.doi.org/10.1109/IGARSS.2011.6050166},
} 

@inproceedings{ffbp-viet-bistatic ,
language = {English},
copyright = {Compilation and indexing terms, Copyright 2011 Elsevier Inc.},
copyright = {Compendex},
title = {Fast backprojection algorithm for UWB bistatic SAR},
journal = {IEEE National Radar Conference - Proceedings},
author = {Vu, Viet T. and Sjogren, Thomas K. and Pettersson, Mats I.},
year = {2011},
pages = {431 - 434},
issn = {10975659},
address = {Kansas City, MO, United states},
URL = {http://dx.doi.org/10.1109/RADAR.2011.5960575},
} 

@inproceedings{thomas-2d-apodization ,
language = {English},
copyright = {Compilation and indexing terms, Copyright 2011 Elsevier Inc.},
copyright = {Compendex},
title = {2D apodization in UWB SAR using linear filtering},
journal = {International Geoscience and Remote Sensing Symposium (IGARSS)},
author = {Sjogren, Thomas K. and Vu, Viet T. and Pettersson, Mats I.},
year = {2011},
pages = {1689 - 1692},
address = {Vancouver, BC, Canada},
URL = {http://dx.doi.org/10.1109/IGARSS.2011.6049559},
} 

@article{viet-uwb-chirp,
language = {English},
copyright = {Compilation and indexing terms, Copyright 2011 Elsevier Inc.},
copyright = {Compendex},
title = {Ultrawideband chirp scaling algorithm},
journal = {IEEE Geoscience and Remote Sensing Letters},
author = {Vu, Viet Thuy and Sjogren, Thomas K. and Pettersson, Mats I.},
volume = {7},
number = {2},
year = {2010},
pages = {281 - 285},
issn = {1545598X},
address = {445 Hoes Lane / P.O. Box 1331, Piscataway, NJ 08855-1331, United States},
URL = {http://dx.doi.org/10.1109/LGRS.2009.2033316},
} 

@article{viet-impulse-response ,
language = {English},
copyright = {Compilation and indexing terms, Copyright 2011 Elsevier Inc.},
copyright = {Compendex},
title = {An impulse response function for evaluation of uwb sar imaging},
journal = {IEEE Transactions on Signal Processing},
author = {Vu, Viet T. and Sjogren, Thomas K. and Pettersson, Mats I. and Hellsten, Hans},
volume = {58},
number = {7},
year = {2010},
pages = {3927 - 3932},
issn = {1053587X},
address = {445 Hoes Lane / P.O. Box 1331, Piscataway, NJ 08855-1331, United States},
URL = {http://dx.doi.org/10.1109/TSP.2010.2047503},
} 

@inproceedings{viet-suppress-rfi ,
language = {English},
copyright = {Compilation and indexing terms, Copyright 2011 Elsevier Inc.},
copyright = {Compendex},
title = {An approach to suppress RFI in ultrawideband low frequency SAR},
journal = {IEEE National Radar Conference - Proceedings},
author = {Vu, Viet T. and Sjogren, Thomas K. and Pettersson, Mats I. and Hakasson, Lars},
year = {2010},
pages = {1381 - 1385},
issn = {10975659},
address = {Washington DC, United states},
URL = {http://dx.doi.org/10.1109/RADAR.2010.5494402},
} 

@inproceedings{viet-spacetime-processing ,
language = {English},
copyright = {Compilation and indexing terms, Copyright 2011 Elsevier Inc.},
copyright = {Compendex},
title = {Integrating space-time processing into time-domain backprojection process for detection and imaging moving objects},
journal = {International Geoscience and Remote Sensing Symposium (IGARSS)},
author = {Vu, Viet T. and Sjogren, Thomas K. and Pettersson, Mats I.},
year = {2010},
pages = {4106 - 4109},
address = {Honolulu, HI, United states},
URL = {http://dx.doi.org/10.1109/IGARSS.2010.5650778},
} 

@article{viet-rfi-suppression-ale ,
language = {English},
copyright = {Compilation and indexing terms, Copyright 2011 Elsevier Inc.},
copyright = {Compendex},
title = {RFI suppression in ultrawideband SAR using an adaptive line enhancer},
journal = {IEEE Geoscience and Remote Sensing Letters},
author = {Vu, Viet T. and Sjogren, Thomas K. and Pettersson, Mats I. and Hakansson, Lars and Gustavsson, Anders and Ulander, Lars M. H.},
volume = {7},
number = {4},
year = {2010},
pages = {694 - 698},
issn = {1545598X},
address = {445 Hoes Lane / P.O. Box 1331, Piscataway, NJ 08855-1331, United States},
URL = {http://dx.doi.org/10.1109/LGRS.2010.2045633},
} 

@inproceedings{viet-image-quality-uwb ,
language = {English},
copyright = {Compilation and indexing terms, Copyright 2011 Elsevier Inc.},
copyright = {Compendex},
title = {Definition on SAR image quality measurements for UWB SAR},
journal = {Proceedings of SPIE - The International Society for Optical Engineering},
author = {Vu, Viet T. and Sjogren, Thomas K. and Pettersson, Mats I. and Gustavsson, Anders},
volume = {7109},
year = {2008},
pages = {SPIE Europe},
issn = {0277786X},
address = {Cardiff, Wales, United kingdom},
URL = {http://dx.doi.org/10.1117/12.799478},
} 

@inproceedings{thomas-polar-subimage ,
language = {English},
copyright = {Compilation and indexing terms, Copyright 2011 Elsevier Inc.},
copyright = {Compendex},
title = {A comparative study of the polar version with the subimage version of fast factorized backprojection in UWB SAR},
journal = {2008 Proceedings International Radar Symposium, IRS},
author = {Sjogren, T.K. and Vu, V.T. and Pettersson, M.I.},
year = {2008},
address = {Wroclaw, Poland},
URL = {http://dx.doi.org/10.1109/IRS.2008.4585740},
} 

@inproceedings{viet-ffbp-freq-comparison ,
language = {English},
copyright = {Compilation and indexing terms, Copyright 2011 Elsevier Inc.},
copyright = {Compendex},
title = {A comparison between fast factorized backprojection and frequency-domain algorithms in uwb lowfrequency sar},
journal = {International Geoscience and Remote Sensing Symposium (IGARSS)},
author = {Vu, Viet T. and Sjogren, Thomas K. and Pettersson, Mats I.},
volume = {4},
number = {1},
year = {2008},
pages = {IV1284 - IV1287},
address = {Boston, MA, United states},
URL = {http://dx.doi.org/10.1109/IGARSS.2008.4779965},
} 

@article{folkesson-stem-volume ,
language = {English},
copyright = {Compilation and indexing terms, Copyright 2011 Elsevier Inc.},
copyright = {Compendex},
title = {Model-based compensation of topographic effects for improved stem-volume retrieval from CARABAS-II VHF-band SAR images},
journal = {IEEE Transactions on Geoscience and Remote Sensing},
author = {Folkesson, Klas and Smith-Jonforsen, Gary and Ulander, Lars M. H.},
volume = {47},
number = {4},
year = {2009},
pages = {1045 - 1055},
issn = {01962892},
address = {445 Hoes Lane / P.O. Box 1331, Piscataway, NJ 08855-1331, United States},
URL = {http://dx.doi.org/10.1109/TGRS.2008.2009531},
} 

@inproceedings{cantalloube-stereo ,
language = {English},
copyright = {Compilation and indexing terms, Copyright 2011 Elsevier Inc.},
copyright = {Compendex},
title = {Merging of the stereogrammetry and interferometry techniques as relative bandwidth grows. Illustration with VHF Carabas SAR images},
journal = {International Geoscience and Remote Sensing Symposium (IGARSS)},
author = {Cantalloube, Hubert M. J. and Colin-Koeniguer, Elise and Frolind, P.O. and Ulander, Lars M. H.},
year = {2007},
pages = {141 - 143},
address = {Barcelona, Spain},
URL = {http://dx.doi.org/10.1109/IGARSS.2007.4422749},
} 

@inproceedings{freeman-sar-mars,
language = {English},
title = {A UHF SAR Mission to Mars},
journal = {ASAR Workshop},
author = {Anthony Freeman, Bruce Campbell},
year = {2003},
URL = {http://trs-new.jpl.nasa.gov/dspace/bitstream/2014/7611/1/03-1627.pdf},
} 

@inproceedings{liu-weather-sar ,
language = {English},
copyright = {Compilation and indexing terms, Copyright 2011 Elsevier Inc.},
copyright = {Compendex},
title = {On the value of high-resolution weather models for atmospheric mitigation in SAR interferometry},
journal = {International Geoscience and Remote Sensing Symposium (IGARSS)},
author = {Liu, Shizhuo and Hanssen, Ramon and Mika, Agnes},
volume = {2},
year = {2009},
pages = {II749 - II752},
address = {Cape Town, South africa},
URL = {http://dx.doi.org/10.1109/IGARSS.2009.5418199},
} 

@inproceedings{chan-twsar ,
language = {English},
copyright = {Compilation and indexing terms, Copyright 2011 Elsevier Inc.},
copyright = {Compendex},
title = {Contourlet domain hidden Markov tree based detection algorithm for DRDC through-wall SAR (TWSAR) system applications},
journal = {Proceedings of SPIE - The International Society for Optical Engineering},
author = {Chan, Brigitte},
volume = {7699},
year = {2010},
pages = {The Society of Photo-Optical Instrumentation Engineers (SPIE) - },
issn = {0277786X},
address = {Orlando, FL, United states},
URL = {http://dx.doi.org/10.1117/12.850770},
} 

@article{fransson-damaged-forest,
language = {English},
copyright = {Compilation and indexing terms, Copyright 2011 Elsevier Inc.},
copyright = {Compendex},
title = {Detection of storm-damaged forested areas using airborne CARABAS-II VHF SAR image data},
journal = {IEEE Transactions on Geoscience and Remote Sensing},
author = {Fransson, Johan E.S. and Walter, Fredrik and Blennow, Kristina and Gustavsson, Anders and Ulander, Lars M.H.},
volume = {40},
number = {10},
year = {2002},
pages = {2170 - 2175},
issn = {01962892},
URL = {http://dx.doi.org/10.1109/TGRS.2002.804913},
} 

@article{bhanu-occluded,
language = {English},
copyright = {Copyright 2004, IEE},
title = {Stochastic models for recognition of occluded targets},
journal = {Pattern Recognition},
journal = {Pattern Recognit. (UK)},
author = {Bhanu, B. and Lin, Y.},
volume = { 36},
number = { 12},
year = {2003},
pages = {2855 - 73},
issn = {0031-3203},
} 

@book{viet-dissertation, 
      author={Viet Thuy Vu}, 
      title={Ultrawideband-Ultrawidebeam Synthetic Aperture Radar – Signal Processing and Applications}, 
      edition={13}, 
      publisher={Blekinge Institute of Technology Doctoral Dissertation Series}, 
      isbn={978-91-7295-219-5}, 
      month={}, 
      year={2011}, 
      language={english}, 
}

@book{thomas-lic, 
      author={Thomas Sjögren}, 
      title={Development and evaluation of SAR algorithms for image formation and speed estimation in wideband SAR}, 
      publisher={Blekinge Institute of Technology Licentiate Dissertation Series}, 
      month={}, 
      year={2010}, 
      isbn={978-91-7295-173-0},
      language={english}, 
}

@book{ahmed-thesis, 
      author={Ishtiaque Ahmed}, 
      title={Study of the Local Backprojection Algorithm for Image Formation in Ultra Wideband Synthetic Aperture Radar}, 
      publisher={Blekinge Institute of Technology Doctoral Dissertation Series}, 
      month={}, 
      year={2008}, 
      language={english}, 
}

@book{Skolnik, 
      author={Merrill Ivan Skolnik}, 
      title={Radar Handbook}, 
      edition={3}, 
      publisher={McGraw-Hill Professional}, 
      isbn={9780071485470}, 
      month={}, 
      year={2009}, 
      language={english}, 
}

@Manual{scilab,
      title        = {Scilab: The free software for numerical computation},
      author       = {{Scilab Consortium}},
      organization = {Scilab Consortium, Digiteo},
      address      = {Paris, France},
      year         = 2011,
      url          = {http://www.scilab.org}
}

@article{hulsmeyer,
 author = {Christian H\"{u}lsmeyer},
 title = {Verfahren, um entfernte metallische Gegenst\"ande mittels
elektrischer Wellen einem Beobachter zu melden},
 year = {1904},
 journal = {Kaiserliches
Patentamt, Patent nr 165546},
 day = {30},
 number = {DE 165546},
 type = {Patent},
 location = {DE},
 filing_num = {10684114},
 yearfiled = {2003},
 monthfiled = {10},
}

@article{radar-history ,
language = {English},
copyright = {Copyright 2010, The Institution of Engineering and Technology},
title = {The Early History of Radar},
journal = {IEEE Industrial Electronics Magazine},
journal = {IEEE Ind. Electron. Mag. (USA)},
author = {Guarnieri, M.},
volume = { 4},
number = { 3},
year = {Sept. 2010},
pages = {36 - 42},
issn = {1932-4529},
} 

@article{mats-detection, 
author={Pettersson, M.I.}, 
journal={Aerospace and Electronic Systems, IEEE Transactions on}, 
title={Detection of moving targets in wideband SAR}, 
year={2004}, 
month={july}, 
volume={40}, 
number={3}, 
pages={ 780 - 796}, 
keywords={ SAR processing methods; clutter-suppressed subaperture beams; computational load reduction; large fractional bandwidth; likelihood ratio; moving targets detection; narrowband radar data; space-time processing; synthetic aperture radar; time-domain fast backprojection; ultrawide frequency band; wide antenna beam; wideband SAR; radar clutter; radar detection; space-time adaptive processing; synthetic aperture radar;}, 
doi={10.1109/TAES.2004.1337454}, 
ISSN={0018-9251},
}

@inproceedings{fasih-gpu ,
language = {English},
copyright = {Copyright 2010, The Institution of Engineering and Technology},
title = {GPU-accelerated synthetic aperture radar backprojection in CUDA},
journal = {Proceedings 2010 IEEE International Radar Conference},
author = {Fasih, A. and Hartley, T.},
year = {2010},
pages = {1408 - 13},
}

@misc{vivaldi-antenn,
howpublished = "http://www.imego.com/research-and-development/electromagnetic-sensors-and-systems/industrial-solutions/ultra-wideband-radar.aspx"
}
